@misc{mrgonline,
  author = {mrgonline},
  title = {{ เด็กจบการศึกษาใหม่ 4-5 แสนคนส่อเคว้ง ตลาดแรงงานยังโตจำกัด }},
  howpublished = "Available at \url{https://mgronline.com/business/detail/9660000011588}",
  year = {2023}, 
  note = "[Online; accessed 25-November-2023]"
}

@misc{springnews,
  author = {springnews},
  title = {{ 10 อาชีพสายเทค 2023 เงินเดือนสูง SCG องค์กรยอดฮิต งานด้านซอฟท์แวร์ฮอตสุด }},
  howpublished = "Available at \url{https://www.springnews.co.th/digital-tech/technology/840408}",
  year = {2023}, 
  note = "[Online; accessed 25-November-2023]"
}

@misc{tf-idf,
  author = {Patipan  Prasertsom},
  title = {{ สกัดใจความสำคัญของข้อความด้วยเทคนิคการประมวลผลทางภาษาเบื้องต้น: TF-IDF }},
  howpublished = "Available at \url{https://bigdata.go.th/big-data-101/tf-idf-1/}",
  year = {2020}, 
  note = "[Online; accessed 25-November-2020]"
}

@misc{naiveBayes-1,
  author = {Data Innovation and Governance Institute, DIGI},
  title = {{ เข้าใจใน 5 นาที! Classification Model คืออะไร}},
  howpublished = "Available at \url{https://digi.data.go.th/blog/what-is-classification-model/}",
  year = {2022}, 
  note = "[Online; accessed 25-November-2020]"
}

@misc{naiveBayes-2,
  author = {KongRuksiam Studio},
  title = {{ สรุป Machine Learning(EP.6)-การจัดหมวดหมู่ด้วย Naive Bayes}},
  howpublished = "Available at \url{https://kongruksiam.medium.com/%E0%B8%AA%E0%B8%A3%E0%B8%B8%E0%B8%9B-machine-learning-ep-5-%E0%B8%81%E0%B8%B2%E0%B8%A3%E0%B8%88%E0%B8%B1%E0%B8%94%E0%B8%AB%E0%B8%A1%E0%B8%A7%E0%B8%94%E0%B8%AB%E0%B8%A1%E0%B8%B9%E0%B9%88%E0%B8%94%E0%B9%89%E0%B8%A7%E0%B8%A2-naive-bayes-eb9ce0e1b010}",
  year = {2020}, 
  note = "[Online; accessed 25-November-2020]"
}

@misc{kNeighbor,
  author = {Data Innovation and Governance Institute, DIGI},
  title = {{ สรุปให้!! วิธีการคำนวนด้วย K-Nearest Neighbors}},
  howpublished = "Available at \url{https://digi.data.go.th/blog/what-is-k-nearest-neighbors/}",
  year = {2023}, 
  note = "[Online; accessed 25-November-2020]"
}

@misc{dataset,
  author = {JILLANI SOFT TECH},
  title = {{ Updated Resume Dataset, Resume Dataset with every Tech Fields.}},
  howpublished = "Available at \url{https://www.kaggle.com/datasets/jillanisofttech/updated-resume-dataset}",
  year = {2021}, 
  note = "[Online; accessed 25-November-2020]"
}

@misc{HCI,
  author = {Interaction Design Foundation},
  title = {{What is Human-Computer Interaction (HCI)?}},
  howpublished = {\url{https://www.interaction-design.org/literature/topics/human-computer-interaction}},
  year = {2016}, 
  note = {[Online; accessed 25-November-2023]}
}

@misc{Dam2024,
  author = {Dam, R. F.},
  title = {The 5 Stages in the Design Thinking Process},
  howpublished = {\url{https://www.interaction-design.org/literature/article/5-stages-in-the-design-thinking-process}},
  year = {2024},
  note = {Interaction Design Foundation - IxDF. [Online; accessed 25-November-2023]}
}

@misc{DT,
  author = {Becker, C. R.},
  title = {Design Thinking Double Diamond Model [Design]},
  howpublished = {\url{https://dribbble.com/shots/14051220-Design-Thinking-Double-Diamond-Model}},
  year = {2020},
  note = {[Online; accessed 25-November-2023]}
}

@misc{5users,
  author = {Nielsen Norman Group, (n.d.)},
  title = {{Why You Only Need to Test with 5 Users}},
  howpublished = {\url{https://www.nngroup.com/articles/why-you-only-need-to-test-with-5-users/}},
  year = {2000}, 
  note = {[Online; accessed 25-November-2023]}
}

@misc{10UH,
  author = {Nielsen Norman Group, (n.d.)},
  title = {{10 Usability Heuristics for User Interface Design}},
  howpublished = {\url{https://www.nngroup.com/articles/ten-usability-heuristics/}},
  year = {2024},
  note = {[Online; accessed 25-November-2023]}
}



